@online{aaa,
	author = "",
	title = "",
	url = "",
	addendum = "",
	keywords = "",
	year = ""
}

